@article{osnovni_clanek,
author={Hans Musgrave, Ryan Zerr},
title={Infinite Series as Sums of Triangular Areas},
journal={Mathematics Magazine},
volume={95:1},
pages={14--20},
year={2022}
}

@article{clanek_zeta,
author={JÃ¼rg Kramer, Anna-Maria von Pippich},
title={Special Values of Zeta Functions and Areas of Triangles},
year={2015}
}

@article{reciprocni_kvadrati,
author={Mikael Passare},
title={How to Compute $\sum{1/n^2}$ by Solving Triangles},
journal={The American Mathematical Monthly},
volume={115:8},
pages={745--752},
year={2008}
}